<collection>
  <record>
    <controlfield tag="001">200</controlfield>
    <datafield tag="024" ind1="7" ind2=" ">
      <subfield code="2">DOI</subfield>
      <subfield code="a">10.1234/EXAMPLE.GITHUBCODE.123</subfield>
    </datafield>
    <datafield tag="100" ind1=" " ind2=" ">
      <subfield code="a">Rodriguez Marrero, Ana</subfield>
    </datafield>
    <datafield tag="245" ind1=" " ind2=" ">
      <subfield code="a">Software to preprocess the Muon and Electron datasets for the two-lepton/four-lepton analysis example</subfield>
    </datafield>
    <datafield tag="260" ind1=" " ind2=" ">
      <subfield code="b">CERN Open Data Portal</subfield>
      <subfield code="c">2014</subfield>
    </datafield>
    <datafield tag="516" ind1=" " ind2=" ">
      <subfield code="a">Use this with the following data sets:</subfield>
      <subfield code="w">3</subfield>
      <subfield code="w">9</subfield>
    </datafield>
    <datafield tag="520" ind1=" " ind2=" ">
      <subfield code="a">Software to produce the intermediate data files, derived from the primary data sets, for a simple analysis on Z decays to two leptons and the ZZ decays to four leptons. </subfield>
    </datafield>
    <datafield tag="538" ind1=" " ind2=" ">
      <subfield code="a">CMSSW_4_2_8 software with the CMS open data VM environment</subfield>
      <subfield code="w">250</subfield>
    </datafield>
    <datafield tag="556" ind1=" " ind2=" ">
      <subfield code="a">Only muon and electron collections are kept. Processing the full primary data sets took 220 hours.</subfield>
    </datafield>
    <datafield tag="567" ind1=" " ind2=" ">
      <subfield code="a">The software produces the physics object in PAT candidate format. Only muon and electron PAT candidate collections are stored. No further selection, apart accepting only the validated runs, is applied.</subfield>
    </datafield>
    <datafield tag="583" ind1=" " ind2=" ">
      <subfield code="a">Only the list of validated runs have been accepted:</subfield>
      <subfield code="w">1000</subfield>
    </datafield>
    <datafield tag="693" ind1=" " ind2=" ">
      <subfield code="a">CERN-LHC</subfield>
      <subfield code="e">CMS</subfield>
    </datafield>
    <datafield tag="787" ind1=" " ind2=" ">
      <subfield code="a">The files created are:</subfield>
      <subfield code="w">201</subfield>
      <subfield code="w">202</subfield>
    </datafield>
    <datafield tag="774" ind1=" " ind2=" ">
      <subfield code="a">See the run instructions in https://github.com/ayrodrig/pattuples2010</subfield>
    </datafield>
    <datafield tag="856" ind1="4" ind2=" ">
      <subfield code="u">https://github.com/ayrodrig/pattuples2010</subfield>
    </datafield>
    <datafield tag="980" ind1=" " ind2=" ">
      <subfield code="a">CMS-Tools</subfield>
    </datafield>
    <datafield tag="980" ind1=" " ind2=" ">
      <subfield code="b">Research</subfield>
    </datafield>
  </record>